<?xml version="1.0" encoding="UTF-8"?><collection xmlns="http://www.loc.gov/MARC21/slim"><record><leader>00351nam--2200121-i-4500</leader><controlfield tag="001">000008120</controlfield><controlfield tag="002">20161230</controlfield><controlfield tag="005">20161230201027</controlfield><controlfield tag="008">060222s1000------------r-----000-0-eng-d</controlfield><datafield ind1=" " ind2=" " tag="080"><subfield code="a">539.1:621.039(016)</subfield></datafield><datafield ind1=" " ind2=" " tag="245"><subfield code="a">Catalogo da biblioteca de energia atomica</subfield></datafield><datafield ind1=" " ind2=" " tag="260"><subfield code="a">Rio De Janeiro, Inst. Brasileiro De Bibliograf Ia E Documentacao, 1956</subfield></datafield><datafield ind1=" " ind2=" " tag="852"><subfield code="a">D2076</subfield></datafield></record></collection>